@book{Schell:2008,
 author = {Schell, Jesse},
 title = {The Art of Game Design: A Book of Lenses},
 year = {2008},
 isbn = {0-12-369496-5},
 publisher = {Morgan Kaufmann Publishers Inc.},
 address = {San Francisco, CA, USA},
} 

@article{Kosara,
  title="{Storytelling: the Next Step for Visualization}",
  author={Kosara, Robert and Mackinlay, Jock},
  journal={Computer},
  number={5},
  pages={44--50},
  year={2013},
  publisher={IEEE}
}
@article{segal,
  title="{Narrative Visualization: Telling Stories with Data}",
  author={Segel, Edward and Heer, Jeffrey},
  journal={Visualization and Computer Graphics, IEEE Transactions on},
  volume={16},
  number={6},
  pages={1139--1148},
  year={2010},
  publisher={IEEE}
}
@article{sci,
  title="{Scientific Storytelling Using Visualization}",
  author={Ma, Kwan-Liu and Liao, Isaac and Frazier, Jennifer and Hauser, Helwig and Kostis, H-N},
  journal={Computer Graphics and Applications, IEEE},
  volume={32},
  number={1},
  pages={12--19},
  year={2012},
  publisher={IEEE}
}
@MISC {nasa,
	author       = "NASA science missions",
	howpublished = "http://science.nasa.gov/missions",
	month        = "oct",
	year         = "2014"
}
@MISC {svs1,
	author       = "NASA scientific visualization studio",
	howpublished = "http://svs.gsfc.nasa.gov",
	month        = "oct",
	year         = "2014"
}
@ARTICLE {mpsr,
	author  = "Molly Phipps and Shawn Rowe",
	title   = "{Seeing satellite data}",
	journal = "Public Understanding of Science",
	year    = "2010",
	volume  = "19",
	pages   = "311-321"
}
@article{Akiba,
  title="{Aniviz: A Template-based Animation Tool for Volume Visualization}",
  author={Akiba, Hiroshi and Wang, Chaoli and Ma, Kwan-Liu},
  journal={Computer Graphics and Applications, IEEE},
  volume={30},
  number={5},
  pages={61--71},
  year={2010},
  publisher={IEEE}
}
@book{denning,
  title="{The Springboard: How Storytelling Ignites Action in Knowledge-era Organizations}",
  author={Denning, Stephen},
  year={2001},
  publisher={Routledge}
}
@article{Gershon,
  title="{Visualization's New Tack: Making Sense of Information}",
  author={Gershon, Nahum and Eick, Stephen G},
  journal={Spectrum, IEEE},
  volume={32},
  number={11},
  pages={38--40},
  year={1995},
  publisher={IEEE}
}
@article{Gershon2,
  title="{What Storytelling Can Do for Information Visualization}",
  author={Gershon, Nahum and Page, Ward},
  journal={Communications of the ACM},
  volume={44},
  number={8},
  pages={31--37},
  year={2001},
  publisher={ACM}
}
@article{hullman,
  title="{Visualization Rhetoric: Framing Effects in Narrative Visualization}",
  author={Hullman, Jessica and Diakopoulos, Nicholas},
  journal={Visualization and Computer Graphics, IEEE Transactions on},
  volume={17},
  number={12},
  pages={2231--2240},
  year={2011},
  publisher={IEEE}
}
@article{Rebortson,
  title="{Effectiveness of Animation in Trend Visualization}",
  author={Robertson, George and Fernandez, Roland and Fisher, Danyel and Lee, Bongshin and Stasko, John},
  journal={Visualization and Computer Graphics, IEEE Transactions on},
  volume={14},
  number={6},
  pages={1325--1332},
  year={2008},
  publisher={IEEE}
}
@BOOK {Tufte,
	author    = "Edward Tufte",
	title     = "{Envisioning Information}",
	publisher = "Graphics Press USA",
	year      = "1990"
}
@inproceedings{bedrson,
  title="{Does Animation Help Users Build Mental Maps of Spatial Information?}",
  author={Bederson, Benjamin B and Boltman, Angela},
  booktitle={Information Visualization, 1999.(Info Vis' 99) Proceedings. 1999 IEEE Symposium on},
  pages={28--35},
  year={1999},
  organization={IEEE}
}
@inproceedings{gonzalez,
  title="{Does Animation in User Interfaces Improve Decision Making?}",
  author={Gonzalez, Cleotilde},
  booktitle={Proceedings of the SIGCHI Conference on Human Factors in Computing Systems},
  pages={27--34},
  year={1996},
  organization={ACM}
}
@inproceedings{donskoy,
  title="{Window Navigation with and without Animation: A Comparison of Scroll Bars, Zoom, and Fisheye View}",
  author={Donskoy, Misha and Kaptelinin, Victor},
  booktitle={CHI'97 extended abstracts on Human factors in computing systems},
  pages={279--280},
  year={1997},
  organization={ACM}
}
@article{tversky,
  title="{Animation: Can It Facilitate?}",
  author={Tversky, Barbara and Morrison, Julie Bauer and Betrancourt, Mireille},
  journal={International journal of human-computer studies},
  volume={57},
  number={4},
  pages={247--262},
  year={2002},
  publisher={Elsevier}
}
@inproceedings{baudisch,
  title="{Phosphor: Explaining Transitions in the User Interface Using Afterglow Effects}",
  author={Baudisch, Patrick and Tan, Desney and Collomb, Maxime and Robbins, Dan and Hinckley, Ken and Agrawala, Maneesh and Zhao, Shengdong and Ramos, Gonzalo},
  booktitle={Proceedings of the 19th annual ACM symposium on User interface software and technology},
  pages={169--178},
  year={2006},
  organization={ACM}
}
@inproceedings{bateman,
  title="{Useful Junk?: The Effects of Visual Embellishment on Comprehension and Memorability of Charts}",
  author={Bateman, Scott and Mandryk, Regan L and Gutwin, Carl and Genest, Aaron and McDine, David and Brooks, Christopher},
  booktitle={Proceedings of the SIGCHI Conference on Human Factors in Computing Systems},
  pages={2573--2582},
  year={2010},
  organization={ACM}
}
@book{holmes,
  title="{Designer's Guide to Creating Charts and Diagrams}",
  author={Holmes, Nigel},
  year={1984},
  publisher={Watson-Guptill}
}
@article{Blasio,
  title="{A Comparison of the Effects of Data ink Ratio on Performance with Dynamic Displays in A Monitoring Task}",
  author={Blasio, Anthony J and Bisantz, Ann M},
  journal={International journal of industrial ergonomics},
  volume={30},
  number={2},
  pages={89--101},
  year={2002},
  publisher={Elsevier}
}
@article{gambrell,
  title="{Mental Imagery, Text Illustrations, and Children's Story Comprehension and Recall}",
  author={Gambrell, Linda B and Jawitz, Paula Brooks},
  journal={Reading Research Quarterly},
  pages={265--276},
  year={1993},
  publisher={JSTOR}
}
@inproceedings{wohlfat,
  title="{Story Telling Aspects in Medical Applications}",
  author={Wohlfart, Michael},
  booktitle={Central European Seminar on Computer Graphics},
  year={2006}
}
@inproceedings{Amy,
  title="{A Non-photorealistic Lighting Model for Automatic Technical Illustration}",
  author={Gooch, Amy and Gooch, Bruce and Shirley, Peter and Cohen, Elaine},
  booktitle={Proceedings of the 25th annual conference on Computer graphics and interactive techniques},
  pages={447--452},
  year={1998},
  organization={ACM}
}
@article{robert,
  title="{Visualization Idioms: A Conceptual Model for Scientific Visualization Systems}",
  author={Haber, Robert B and McNabb, David A},
  journal={Visualization in scientific computing},
  volume={74},
  pages={93},
  year={1990}
}
@phdthesis{Ivan,
  title="{Importance-Driven Expressive Visualization}",
  author={Viola, Ivan},
  year={2005},
  school={Viola}
}
@article{shixia,
  title="{StoryFlow: Tracking the Evolution of Stories}",
  author={Liu, Shixia and Wu, Yingcai and Wei, Enxun and Liu, Mengchen and Liu, Yang},
  journal={Visualization and Computer Graphics, IEEE Transactions on},
  volume={19},
  number={12},
  pages={2436--2445},
  year={2013},
  publisher={IEEE}
}
@article{Wong,
  title="{Exploring Flow, Factors, and Outcomes of Temporal Event Sequences with the Outflow Visualization}",
  author={Wongsuphasawat, Krist and Gotz, David},
  journal={Visualization and Computer Graphics, IEEE Transactions on},
  volume={18},
  number={12},
  pages={2659--2668},
  year={2012},
  publisher={IEEE}
}
@inproceedings{andre,
  title="{Continuum: Designing Timelines for Hierarchies, Relationships and Scale}",
  author={Andr{\'e}, Paul and Wilson, Max L and Russell, Alistair and Smith, Daniel A and Owens, Alisdair and others},
  booktitle={Proceedings of the 20th annual ACM symposium on User interface software and technology},
  pages={101--110},
  year={2007},
  organization={ACM}
}
@incollection{stab,
  title="{Sematime - Timeline Visualization of Time-dependent Relations and Semantics}",
  author={Stab, Christian and Nazemi, Kawa and Fellner, Dieter W},
  booktitle={Advances in Visual Computing},
  pages={514--523},
  year={2010},
  publisher={Springer}
}
@inproceedings{Ogawa,
  title="{Software Evolution Storylines}",
  author={Ogawa, Michael and Ma, Kwan-Liu},
  booktitle={Proceedings of the 5th international symposium on Software visualization},
  pages={35--42},
  year={2010},
  organization={ACM}
}
@article{Tanahashi,
  title="{Design Considerations for Optimizing Storyline Visualizations}",
  author={Tanahashi, Yuzuru and Ma, Kwan-Liu},
  journal={Visualization and Computer Graphics, IEEE Transactions on},
  volume={18},
  number={12},
  pages={2679--2688},
  year={2012},
  publisher={IEEE}
}
@article{merlin,
  title="{$Pr√©cis$ of Origins of the Modern Mind: Three Stages in the Evolution of Culture and Cognition}",
  author={Donald, Merlin},
  journal={Behavioral and Brain Sciences},
  volume={16},
  number={04},
  pages={737--748},
  year={1993},
  publisher={Cambridge Univ Press}
}
@inproceedings{wohlfart2,
  title="{Story Telling for Presentation in Volume Visualization}",
  author={Wohlfart, Michael and Hauser, Helwig},
  booktitle={Proceedings of the 9th Joint Eurographics/IEEE VGTC conference on Visualization},
  pages={91--98},
  year={2007},
  organization={Eurographics Association}
}
@inproceedings{iserhardt,
  title="{Case Study: Medical Web Service for the Automatic 3D Documentation for Neuroradiological Diagnosis}",
  author={Iserhardt-Bauer, Sabine and Hastreiter, Peter and Ertl, Thomas and Eberhardt, Knut and Tomandl, Bernd},
  booktitle={Proceedings of the conference on Visualization'01},
  pages={425--428},
  year={2001},
  organization={IEEE Computer Society}
}
@incollection{tiede,
  title="{Virtual Endoscopy Using Cubic QuickTime-VR Panorama Views}",
  author={Tiede, Ulf and von Sternberg-Gospos, Norman and Steiner, Paul and H{\"o}hne, Karl Heinz},
  booktitle={Medical Image Computing and Computer-Assisted Intervention‚ÄîMICCAI 2002},
  pages={186--192},
  year={2002},
  publisher={Springer}
}
@inproceedings{lidal,
  title="{Geological Storytelling: Graphically Exploring and Communicating Geological Sketches}",
  author={Lidal, Endre M and Hauser, Helwig and Viola, Ivan},
  booktitle={Proceedings of the International Symposium on Sketch-Based Interfaces and Modeling},
  pages={11--20},
  year={2012},
  organization={Eurographics Association}
}
@inproceedings{Heer1,
  title="{Voyagers and Voyeurs: Supporting Asynchronous Collaborative Information Visualization}",
  author={Heer, Jeffrey and Vi{\'e}gas, Fernanda B and Wattenberg, Martin},
  booktitle={Proceedings of the SIGCHI conference on Human factors in computing systems},
  pages={1029--1038},
  year={2007},
  organization={ACM}
}

@MISC {heer2,
	author       = {J.Heer, A. Haeg and M. Agrawala},
  title        = "{Minnesota Employment Explorer}",
	howpublished = {\url{http://minnesota.publicradio.org/projects/2008/07/16_minnesota_Slowdown}},
	year         = {2007}
}
@MISC {steroids,
	author       = {Barry Bond},
	title        = "{Steroids or Not, the Pursuit is On}",
	howpublished = {\url{http://www.nytimes.com/2006/04/02/sports/20060402_BONDS_GRAPHIC.html}},
	year         = {2006}
}

@MISC {afghanistan,
  author       = {M. Green, H. Warrell, S. Tarling and S. Bernard and M. Formentini},
	title        = "{Afghanistan: Behind the Front Line}",
	howpublished = {\url{http://www.gapminder.org/downloads/human-development-trends-2005/}},
	month        = {jan},
	year         = {2010}
}

@MISC {gapminder2,
	author       = {Gapminder},
	title        = "{Human Development Trends, 2005}",
	howpublished = {\url{http://www.gapminder.org/downloads/human-development-trends-2005/}},
	year         = {2005}
}
@MISC {budget,
	author       = {A. Cox.},
	title        = "{Budget Forecasts VS. Reality.}",
	howpublished = {\url{http://www.nytimes.com/interactive/2010/02/02/us/politics/20100201-budget-porcupine-graphic.html}},
	year         = {2010}
}
@MISC {Bloch,
	author       = {M.Bloch, S.Carter and A.McLean},
	title        = "{Mapping America: Every City, Every Block}",
	howpublished = {\url{http://projects.nytimes.com/census/2010/explorer}},
	year         = {2010}
}
@MISC {ted1,
	author       = {H. Rosling},
	title        = "{TED 2006}",
	howpublished = {\url{http://www.gapminder.org/video/talks/ted-2006--debunking-myth-about-the-third-world.html}},
	year         = {2006}
}
@MISC {ted2,
	author       = {H. Rosling},
	title        = "{TED 2007}",
	howpublished = {\url{http://www.gapminder.org/video/talks/ted-2007--the-seemingly-impossible-is-possible.html}},
	year         = {2007}
}
@MISC {story1,
	author       = {Dictionary Reference},
	howpublished = {\url{http://dictionary.reference.com/browse/story}},
}
@MISC {story2,
	author       = {Oxford English Dictionary},
	howpublished = {\url{http://www.oed.com/view/Entry/190981?rskey=Wrp9f3&result=1}},
}
@MISC {authoship1,
	author       = {Dictionary Reference},
	howpublished = {\url{http://www.thefreedictionary.com/authorship}},
}
@MISC {authoship2,
	author       = {Oxford English Dictionary},
	howpublished = {\url{http://www.oxforddictionaries.com/definition/english/authorship}},
}
@MISC {Ogie,
	author       = {V. Ogievetsky},
	title        = "{Plotweaver}",
	howpublished = {\url{http://ogievetsky.com/PlotWeaver/}},
	month        = {mar},
	year         = {2013}
}
@MISC {transition,
	author       = {Oxford English Dictionary},
	howpublished = {\url{http://www.oxforddictionaries.com/definition/english/transition}},
}
@MISC {memory,
	author       = {Oxford English Dictionary},
	howpublished = {\url{http://www.oxforddictionaries.com/definition/english/memory}},
}
@MISC {Interpretation,
	author       = {Oxford English Dictionary},
	howpublished = {\url{http://www.oxforddictionaries.com/definition/english/interpretation}},
}

@inproceedings{childs,
  title="{A Contract Based System for Large Data Visualization}",
  author={Childs, Hank and Brugger, Eric and Bonnell, Kathleen and Meredith, Jeremy and Miller, Mark and Whitlock, Brad and Max, Nelson},
  booktitle={Visualization, 2005. VIS 05. IEEE},
  pages={191--198},
  year={2005},
  organization={IEEE}
}
@inproceedings{correa,
  title="{Dataset Traversal with Motion-controlled Transfer Functions}",
  author={Correa, C and Silver, Deborah},
  booktitle={Visualization, 2005. VIS 05. IEEE},
  pages={359--366},
  year={2005},
  organization={IEEE}
}
@article{Lidal2013,
  title="{Geological Storytelling}",
  author={Lidal, Endre M and Natali, Mattia and Patel, Daniel and Hauser, Helwig and Viola, Ivan},
  journal={Computers \& Graphics},
  volume={37},
  number={5},
  pages={445--459},
  year={2013},
  publisher={Elsevier}
}
@book{spence2007,
 author = {Spence, Robert},
 title = "{Information Visualization: Design for Interaction (2Nd Edition)}",
 year = {2007},
 isbn = {0132065509},
 publisher = {Prentice-Hall, Inc.},
 address = {Upper Saddle River, NJ, USA},
} 
@MISC {Thomas,
    author       = {Thomas, J.},
    title        = "{IBM's Knowledge Socialization Project}",
    howpublished = {\url{www.research.ibm.com/knowsoc/project_index.html}},
}
@MISC {McCandless,
    author       = {D.McCandless},
    title        = "{Poll Dancing: How Accurate are Poll Predictions}",
    howpublished = {\url{http://www.guardian.co.uk/news/datablog/2010/may/06/general-election-2010-opinion-polls\_-information-beautiful\#}},
}
@book{Jack1995,
  title={Creative storytelling: Building community/changing lives},
  author={Zipes, Jack},
  year={2013},
  publisher={Routledge}
}
@BOOK {Martin1997,
    author    = "Bronwen Martin",
    title     = "{Semiotics and Storytelling: An Introduction to Semiotic Analysis}",
    publisher = "Philomel Productions",
    year      = "1997",
    address   = "Dublin"
}
@inproceedings{figueiras,
  title="{Narrative Visualization: A Case Study of How to Incorporate Narrative Elements in Existing Visualizations}",
  author={Figueiras, Ana},
  booktitle={Information Visualisation (IV), 2014 18th International Conference on},
  pages={46--52},
  year={2014},
  organization={IEEE}
}
@inproceedings{fisher,
  title="{Narratives: A Visualization to Track Narrative Events as They Develop}",
  author={Fisher, Danyel and Hoff, Aaron and Robertson, George and Hurst, Matthew},
  booktitle={Visual Analytics Science and Technology, 2008. VAST'08. IEEE Symposium on},
  pages={115--122},
  year={2008},
  organization={IEEE}
}
@article{dubinko2007,
  title="{Visualizing Tags over Time}",
  author={Dubinko, Micah and Kumar, Ravi and Magnani, Joseph and Novak, Jasmine and Raghavan, Prabhakar and Tomkins, Andrew},
  journal={ACM Transactions on the Web (TWEB)},
  volume={1},
  number={2},
  pages={7},
  year={2007},
  publisher={ACM}
}
@inproceedings{russell2000,
  title="{TimeMines: Constructing Timelines with Statistical Models of Word Usage}",
  author={Swan, Russell and Jensen, David},
  booktitle={KDD-2000 Workshop on Text Mining},
  pages={73--80},
  year={2000}
}
@inproceedings{van1999,
  title="{Cluster and Calendar Based Visualization of Time Series Data}",
  author={Van Wijk, Jarke J and Van Selow, Edward R},
  booktitle={Information Visualization, 1999.(Info Vis' 99) Proceedings. 1999 IEEE Symposium on},
  pages={4--9},
  year={1999},
  organization={IEEE}
}
@article{eccles2007,
  title="{Stories in GeoTime}",
  author={Eccles, Ryan and Kapler, Thomas and Harper, Robert and Wright, William},
  journal={Information Visualization},
  volume={7},
  number={1},
  pages={3--17},
  year={2008},
  publisher={SAGE Publications}
}
@inproceedings{zellweger2002,
  title="{Reading and Writing Fluid Hypertext Narratives}",
  author={Zellweger, Polle T and Mangen, Anne and Newman, Paula},
  booktitle={Proceedings of the thirteenth ACM conference on Hypertext and hypermedia},
  pages={45--54},
  year={2002},
  organization={ACM}
}
@inproceedings{plaisant1996,
  title="{LifeLines: Visualizing Personal Histories}",
  author={Plaisant, Catherine and Milash, Brett and Rose, Anne and Widoff, Seth and Shneiderman, Ben},
  booktitle={Proceedings of the SIGCHI conference on Human factors in computing systems},
  pages={221--227},
  year={1996},
  organization={ACM}
}
@manual{Ogievetsky2009,
      title  = "Plotweaver xkcd/657 creation tool",
      author = "V. Ogievetsky.",
      note   = "\url{https://graphics.stanford.edu/wikis/cs448b-09-fall/FP-OgievetskyVadim}",
      year   = "2009"
}
@article{heer2007,
  title={Animated transitions in statistical data graphics},
  author={Heer, Jeffrey and Robertson, George G},
  journal={Visualization and Computer Graphics, IEEE Transactions on},
  volume={13},
  number={6},
  pages={1240--1247},
  year={2007},
  publisher={IEEE}
}

@inproceedings{hullman2013,
  title={Contextifier: Automatic generation of annotated stock visualizations},
  author={Hullman, Jessica and Diakopoulos, Nicholas and Adar, Eytan},
  booktitle={Proceedings of the SIGCHI Conference on Human Factors in Computing Systems},
  pages={2707--2716},
  year={2013},
  organization={ACM}
}

@inproceedings{kandogan2012,
  title={Just-in-time annotation of clusters, outliers, and trends in point-based data visualizations},
  author={Kandogan, Eser},
  booktitle={Visual Analytics Science and Technology (VAST), 2012 IEEE Conference on},
  pages={73--82},
  year={2012},
  organization={IEEE}
}
@article{chu2015,
  title={Optimized Comics-Based Storytelling for Temporal Image Sequences},
  author={Chu, Wei-Ta and Yu, Chia-Hsiang and Wang, Hsin-Han},
  journal={Multimedia, IEEE Transactions on},
  volume={17},
  number={2},
  pages={201--215},
  year={2015},
  publisher={IEEE}
}
@inproceedings{isola2011,
  title={Understanding the intrinsic memorability of images},
  author={Isola, Phillip and Parikh, Devi and Torralba, Antonio and Oliva, Aude},
  booktitle={Advances in Neural Information Processing Systems},
  pages={2429--2437},
  year={2011}
}
@article{saket2015,
  title={Map-based Visualizations Increase Recall Accuracy of Data},
  author={Saket, Bahador and Scheidegger, Carlos and Kobourov, Stephen G and B{\"o}rner, Katy},
  journal={EuroVis, Accepted To Appear},
  year={2015}
}
@article{ogawa2009,
  title={code\_swarm: A design study in organic software visualization},
  author={Ogawa, Michael and Ma, Kwan-Liu},
  journal={Visualization and Computer Graphics, IEEE Transactions on},
  volume={15},
  number={6},
  pages={1097--1104},
  year={2009},
  publisher={IEEE}
}
@inproceedings{begel2010,
  title={Codebook: discovering and exploiting relationships in software repositories},
  author={Begel, Andrew and Khoo, Yit Phang and Zimmermann, Thomas},
  booktitle={Software Engineering, 2010 ACM/IEEE 32nd International Conference on},
  volume={1},
  pages={125--134},
  year={2010},
  organization={IEEE}
}
@inproceedings{kuhn2012,
  title={CodeTimeline: Storytelling with versioning data},
  author={Kuhn, Adrian and Stocker, Mirko},
  booktitle={Software Engineering (ICSE), 2012 34th International Conference on},
  pages={1333--1336},
  year={2012},
  organization={IEEE}
}
@inproceedings{veloso2011,
  title={Urban mobility study using taxi traces},
  author={Veloso, Marco and Phithakkitnukoon, Santi and Bento, Carlos},
  booktitle={Proceedings of the 2011 international workshop on Trajectory data mining and analysis},
  pages={23--30},
  year={2011},
  organization={ACM}
}
@inproceedings{Veloso,
  title={Exploratory study of urban flow using taxi traces},
  author={Veloso, Marco and Phithakkitnukoon, Santi and Bento, Carlos and Fonseca, Nuno and Olivier, Patrick},
  booktitle={First Workshop on Pervasive Urban Applications (PURBA) in conjunction with Pervasive Computing, San Francisco, California, USA},
  year={2011}
}
@inproceedings{liao2010,
  title={Anomaly detection in GPS data based on visual analytics},
  author={Liao, Zicheng and Yu, Yizhou and Chen, Baoquan},
  booktitle={Visual Analytics Science and Technology (VAST), 2010 IEEE Symposium on},
  pages={51--58},
  year={2010},
  organization={IEEE}
}
@article{ferreira2013,
  title={Visual exploration of big spatio-temporal urban data: A study of new york city taxi trips},
  author={Ferreira, Nuno and Poco, Jorge and Vo, Huy T and Freire, Juliana and Silva, Cl{\'a}udio T},
  journal={Visualization and Computer Graphics, IEEE Transactions on},
  volume={19},
  number={12},
  pages={2149--2158},
  year={2013},
  publisher={IEEE}
}
@article{lee2013,
  title={SketchStory: Telling more engaging stories with data through freeform sketching},
  author={Lee, Bongshin and Kazi, Rubaiat Habib and Smith, Graeme},
  journal={Visualization and Computer Graphics, IEEE Transactions on},
  volume={19},
  number={12},
  pages={2416--2425},
  year={2013},
  publisher={IEEE}
}
@inproceedings{li2012,
  title={SketchComm: a tool to support rich and flexible asynchronous communication of early design ideas},
  author={Li, Guang and Cao, Xiang and Paolantonio, Sergio and Tian, Feng},
  booktitle={Proceedings of the ACM 2012 conference on Computer Supported Cooperative Work},
  pages={359--368},
  year={2012},
  organization={ACM}
}
@inproceedings{figueiras2014tell,
  title={How to Tell Stories Using Visualization},
  author={Figueiras, Ana},
  booktitle={Information Visualisation (IV), 2014 18th International Conference on},
  pages={18--18},
  year={2014},
  organization={IEEE}
}
@article{cruz2011,
  title={Generative Storytelling for Information Visualization},
  author={Cruz, Pedro and Machado, Penousal},
  journal={IEEE computer graphics and applications},
  number={2},
  pages={80--85},
  year={2011},
  publisher={IEEE}
}
@misc{naratology1985,
  title={Introduction to the theory of narrative},
  author={Naratology, MB},
  year={1985},
  publisher={Toronto: University of Toronto Press}
}
@inproceedings{viegas2004,
  title={Digital artifacts for remembering and storytelling: Posthistory and social network fragments},
  author={Vi{\'e}gas, Fernanda B and Boyd, Danah and Nguyen, David H and Potter, Jeffrey and Donath, Judith},
  booktitle={System Sciences, 2004. Proceedings of the 37th Annual Hawaii International Conference on},
  pages={10--pp},
  year={2004},
  organization={IEEE}
}
@inproceedings{boyd2002,
  title={Developing legible visualizations for online social spaces},
  author={Boyd, Danah and Lee, Hyun-Yeul and Ramage, Daniel and Donath, Judith},
  booktitle={System Sciences, 2002. HICSS. Proceedings of the 35th Annual Hawaii International Conference on},
  pages={1060--1069},
  year={2002},
  organization={IEEE}
}
@inproceedings{donath1995,
  title={Visual Who: Animating the affinities and activities of an electronic community},
  author={Donath, Judith S},
  booktitle={Proceedings of the third ACM international conference on Multimedia},
  pages={99--107},
  year={1995},
  organization={ACM}
}
@inproceedings{lundblad2013,
  title={Geovisual Analytics and Storytelling Using HTML5},
  author={Lundblad, Patrik and Jern, Mikael},
  booktitle={Information Visualisation (IV), 2013 17th International Conference},
  pages={263--271},
  year={2013},
  organization={IEEE}
}
@inproceedings{chu2012,
  title={Enabling portable animation browsing by transforming animations into comics},
  author={Chu, Wei-Ta and Wang, Hsing-Han},
  booktitle={Proceedings of the 2nd ACM international workshop on Interactive multimedia on mobile and portable devices},
  pages={3--8},
  year={2012},
  organization={ACM}
}
@inproceedings{chu2013optimized,
  title={Optimized speech balloon placement for automatic comics generation},
  author={Chu, Wei-Ta and Yu, Chia-Hsiang},
  booktitle={Proceedings of the 3rd ACM international workshop on Interactive multimedia on mobile \& portable devices},
  pages={1--6},
  year={2013},
  organization={ACM}
}
@inproceedings{plowman1999,
  title={Designing multimedia for learning: Narrative guidance and narrative construction},
  author={Plowman, Lydia and Luckin, Rosemary and Laurillard, Diana and Stratfold, Matthew and Taylor, Josie},
  booktitle={Proceedings of the SIGCHI conference on Human Factors in Computing Systems},
  pages={310--317},
  year={1999},
  organization={ACM}
}
@inproceedings{heer2007a,
  title={Voyagers and voyeurs: supporting asynchronous collaborative information visualization},
  author={Heer, Jeffrey and Vi{\'e}gas, Fernanda B and Wattenberg, Martin},
  booktitle={Proceedings of the SIGCHI conference on Human factors in computing systems},
  pages={1029--1038},
  year={2007},
  organization={ACM}
}
@article{hullman2013deeper,
  title={A deeper understanding of sequence in narrative visualization},
  author={Hullman, Jessica and Drucker, Steven and Riche, Nathalie Henry and Lee, Bongshin and Fisher, Daniel and Adar, Eytan},
  journal={Visualization and Computer Graphics, IEEE Transactions on},
  volume={19},
  number={12},
  pages={2406--2415},
  year={2013},
  publisher={IEEE}
}
@article{black1979,
  title={Episodes as chunks in narrative memory},
  author={Black, John B and Bower, Gordon H},
  journal={Journal of Verbal Learning and Verbal Behavior},
  volume={18},
  number={3},
  pages={309--318},
  year={1979},
  publisher={Elsevier}
}
@article{rodgers2011,
  title={Defining and Experiencing Authorship (s) in the Composition Classroom: Findings from a Qualitative Study of Undergraduate Writing Students at the City University of New York.},
  author={Rodgers, Johannah},
  journal={Journal of Basic Writing (CUNY)},
  volume={30},
  number={1},
  pages={130--155},
  year={2011},
  publisher={ERIC}
}
@inproceedings{gonzalez1996does,
  title={Does animation in user interfaces improve decision making?},
  author={Gonzalez, Cleotilde},
  booktitle={Proceedings of the SIGCHI conference on human factors in computing systems},
  pages={27--34},
  year={1996},
  organization={ACM}
}
@article{gonzalez1995animation,
  title={Animation in user interface design for decision making: a research framework and empirical analysis},
  author={Gonzalez, Cleotilde},
  year={1995},
  publisher={Texas Tech University}
}
@inproceedings{akaishi2007narrative,
  title={Narrative based topic visualization for chronological data},
  author={Akaishi, Mina and Satoh, Ken and Kato, Yoshikiyo and Hori, Koichi},
  booktitle={Information Visualization, 2007. IV'07. 11th International Conference},
  pages={139--144},
  year={2007},
  organization={IEEE}
}
@article{borkin2013makes,
  title={What makes a visualization memorable?},
  author={Borkin, Michelle and Vo, Azalea and Bylinskii, Zoya and Isola, Phillip and Sunkavalli, Shashank and Oliva, Alfonso and Pfister, Hanspeter and others},
  journal={Visualization and Computer Graphics, IEEE Transactions on},
  volume={19},
  number={12},
  pages={2306--2315},
  year={2013},
  publisher={IEEE}
}
@inproceedings{cropper2015scientific,
  title="{Scientific Storytelling: From up in the clouds to down to earth  A new approach to mentoring}",
  author={Cropper, AD and Luna, Rafael E and Mclean, Elizabeth L},
  booktitle={Integrated STEM Education Conference (ISEC), 2015 IEEE},
  pages={252--257},
  year={2015},
  organization={IEEE}
}
@inproceedings{santiago2014mogre,
  title="{MOGRE-Storytelling: Interactive Creation of 3D Stories}",
  author={Santiago, Almir DV and Sampaio, Paulo NM and Fernandes, Luis RS},
  booktitle={Virtual and Augmented Reality (SVR), 2014 XVI Symposium on},
  pages={190--199},
  year={2014},
  organization={IEEE}
}
@inproceedings{alavesa2013combining,
  title="{Combining storytelling tradition and pervasive gaming}",
  author={Alavesa, Paula and Zanni, Daniele},
  booktitle={Games and Virtual Worlds for Serious Applications (VS-GAMES), 2013 5th International Conference on},
  pages={1--4},
  year={2013},
  organization={IEEE}
}
@article{theune2006generating,
  title={Generating expressive speech for storytelling applications},
  author={Theune, Mari{\"e}t and Meijs, Koen and Heylen, Dirk and Ordelman, Roeland},
  journal={Audio, Speech, and Language Processing, IEEE Transactions on},
  volume={14},
  number={4},
  pages={1137--1144},
  year={2006},
  publisher={IEEE}
}
@inproceedings{fowler2003ancient,
  title="{the Ancient Art Of Storytelling}",
  author={Fowler D. and Stewart Anne E.},
  booktitle={IAA Conference Paper},
  year={2003}
}
@inproceedings{jarret2006storytelling,
  title={Storytelling in Interpretation},
  author={Anna Jarrett},
  booktitle={Interpreting Australia},
  pages={31-32},
  year={2006}
}
@inproceedings{risks2015,
	author={Susan Goldberg},
	title= {The Risks Of Storytelling},
	booktitle={National Geographic Magazine},
	year={2015}
}
@inproceedings{mroz2001rtvr,
  title={RTVR: a flexible java library for interactive volume rendering},
  author={Mroz, Lukas and Hauser, Helwig},
  booktitle={Proceedings of the conference on Visualization'01},
  pages={279--286},
  year={2001},
  organization={IEEE Computer Society}
}
@misc{adam2015,
	author={Adam Singer},
	title= "{Data Visualization: Your Secret Weapon in Storytelling and Persuasion}",
	booktitle={Clickz.com},
	year={2014},
	howpublished = {\url{https://www.clickz.com/clickz/column/2378704/data-visualization/your-secret-weapon-in-storytelling-and-persuasion}}
	
}
@article{chen2012visual,
  title={Visual storylines: Semantic visualization of movie sequence},
  author={Chen, Tao and Lu, Aidong and Hu, Shi-Min},
  journal={Computers \& Graphics},
  volume={36},
  number={4},
  pages={241--249},
  year={2012},
  publisher={Elsevier}
}
@inproceedings{yahiaoui2001automatic,
  title={Automatic video summarization},
  author={Yahiaoui, Itheri and Merialdo, Bernard and Huet, Benoit},
  booktitle={Proc. CBMIR Conf},
  year={2001}
}
@inproceedings{lu2008interactive,
  title={Interactive storyboard for overall time-varying data visualization},
  author={Lu, Aidong and Shen, Han-Wei},
  booktitle={Visualization Symposium, 2008. PacificVIS'08. IEEE Pacific},
  pages={143--150},
  year={2008},
  organization={IEEE}
}
@book{hansen2011visualization,
  title={Visualization handbook},
  author={Hansen, Charles D and Johnson, Chris R},
  year={2011},
  publisher={Academic Press}
}
@article{laramee2011read,
  title={How to read a visualization research paper: Extracting the essentials},
  author={Laramee, Robert S},
  journal={Computer Graphics and Applications, IEEE},
  volume={31},
  number={3},
  pages={78--82},
  year={2011},
  publisher={IEEE}
}