@ARTICLE{Kosara,
author={Kosara, R. and Mackinlay, J.},
journal={Computer},
title={Storytelling: The Next Step for Visualization},
year={2013},
month={May},
volume={46},
number={5},
pages={44-50},
keywords={data visualisation;presentation;storytelling;visualization research;Collaboration;Data visualization;Visual databases;Visual effects;narratives;storytelling;visual communication;visualization},
doi={10.1109/MC.2013.36},
ISSN={0018-9162},}
@ARTICLE{segal,
	author={Segel, E. and Heer, J.},
	journal={Visualization and Computer Graphics, IEEE Transactions on},
	title={Narrative Visualization: Telling Stories with Data},
	year={2010},
	month={Nov},
	volume={16},
	number={6},
	pages={1139-1148},
	keywords={data visualisation;educational aids;humanities;data story;data visualization;design differences;educational media;journalistic storytelling;narrative visualization;online journalists;telling story;visualization research;Data visualization;Economics;Engineering profession;Image color analysis;Media;Visualization;Narrative visualization;case study;design methods;journalism;social data analysis;storytelling},
	doi={10.1109/TVCG.2010.179},
	ISSN={1077-2626},}
@ARTICLE{sci,
	author={Kwan-Liu Ma and Liao, I. and Frazier, J. and Hauser, H. and Kostis, H.-N.},
	journal={Computer Graphics and Applications, IEEE},
	title={Scientific Storytelling Using Visualization},
	year={2012},
	month={Jan},
	volume={32},
	number={1},
	pages={12-19},
	keywords={data visualisation;natural sciences computing;literary narrative convention;scientific data visualization;scientific storytelling;theatrical narrative convention;Data visualization;Information resources;Knowledge transfer;Science (general);AniViz;Exploratorium;computer graphics;graphics and multimedia;information visualization;scientific storytelling;scientific visualization;storytelling},
	doi={10.1109/MCG.2012.24},
	ISSN={0272-1716},}
@MISC {nasa,
	author       = "NASA science missions",
	howpublished = "http://science.nasa.gov/missions",
	month        = "oct",
	year         = "2014"
}
@MISC {svs1,
	author       = "NASA scientific visualization studio",
	howpublished = "http://svs.gsfc.nasa.gov",
	month        = "oct",
	year         = "2014"
}
@ARTICLE {mpsr,
	author  = "Molly Phipps and Shawn Rowe",
	title   = "Seeing satellite data",
	journal = "Public Understanding of Science",
	year    = "2010",
	volume  = "19",
	pages   = "311-321"
}
@ARTICLE{Akiba,
	author={Akiba, H. and Chaoli Wang and Kwan-Liu Ma},
	journal={Computer Graphics and Applications, IEEE},
	title="{AniViz: A Template-Based Animation Tool for Volume Visualization}",
	year={2010},
	month={Sept},
	volume={30},
	number={5},
	pages={61-71},
	keywords={computer animation;data visualisation;user interfaces;AniViz;complex animation sequence;complex process;data visualization;interactive visualization;template based animation tool;time varying multivariate volume data;user interface;visual animation;volume visualization;Animation;Cameras;Chaotic communication;Data visualization;Research and development;Shape;Software systems;Solid modeling;Transfer functions;User interfaces;animation;computer graphics;graphics and multimedia;user interface;volume visualization},
	doi={10.1109/MCG.2009.107},
	ISSN={0272-1716},}
@BOOK {denning,
	author    = "Denning, S",
	title     = "The Springboard: How Storytelling Ignites Action in Knowledge-Era Organizations",
	publisher = "Routledge",
	year      = "2000",
	edition   = "first"
}
@ARTICLE{Gershon,
	author={Gershon, N. and Eick, S.G.},
	journal={Spectrum, IEEE},
	title="{Visualization's New tack: Making Sense of Information}",
	year={1995},
	month={Nov},
	volume={32},
	number={11},
	pages={38-40, 42, 44-7, 55-6},
	keywords={Internet;abstract data types;data visualisation;engineering graphics;World Wide Web;abstract hierarchies;abstract networks;abstract relationships;data visualization;design;nonnumeric information;scientific data;text;visualization tools;Biomedical imaging;Broadcasting;Cameras;Computer displays;Data engineering;Data visualization;Floods;Information technology;Motion pictures;Read only memory},
	doi={10.1109/6.469330},
	ISSN={0018-9235},}
@article{Gershon2,
	author = {Gershon, Nahum and Page, Ward},
	title = "{What Storytelling Can Do for Information Visualization}",
	journal = {Commun. ACM},
	issue_date = {Aug. 2001},
	volume = {44},
	number = {8},
	month = aug,
	year = {2001},
	issn = {0001-0782},
	pages = {31--37},
	numpages = {7},
	url = {http://doi.acm.org/10.1145/381641.381653},
	doi = {10.1145/381641.381653},
	acmid = {381653},
	publisher = {ACM},
	address = {New York, NY, USA},
} 
@ARTICLE{hullman,
	author={Hullman, J. and Diakopoulos, N.},
	journal={Visualization and Computer Graphics, IEEE Transactions on},
	title="{Visualization Rhetoric: Framing Effects in Narrative Visualization}",
	year={2011},
	month={Dec},
	volume={17},
	number={12},
	pages={2231-2240},
	keywords={data visualisation;decision making;communicative information visualization;critical theory;decision making;design tactics;end-user interpretation;exploratory information visualization;framing effects;journalism;literary study;narrative information visualization;political messaging;political theory;semiotics;textual annotation;visual representation;visualization rhetoric;Data visualization;Rhetoric;Semiotics;Rhetoric;connotation.;denotation;framing effects;narrative visualization;semiotics},
	doi={10.1109/TVCG.2011.255},
	ISSN={1077-2626},}
@ARTICLE{Rebortson,
	author={Robertson, G. and Fernandez, R. and Fisher, D. and Bongshin Lee and Stasko, J.},
	journal={Visualization and Computer Graphics, IEEE Transactions on},
	title="{Effectiveness of Animation in Trend Visualization}",
	year={2008},
	month={Nov},
	volume={14},
	number={6},
	pages={1325-1332},
	keywords={computer animation;data visualisation;Gapminder Trendalyzer;trend animation;trend visualization;Animation;Data analysis;Data visualization;Dictionaries;Displays;Index Terms&#8212;Information visualization;animation;design;experiment;trends},
	doi={10.1109/TVCG.2008.125},
	ISSN={1077-2626},}
@BOOK {Tufte,
	author    = "Edward Tufte",
	title     = "Envisioning Information",
	publisher = "Graphics Press USA",
	year      = "1990"
}
@INPROCEEDINGS{bedrson,
	author={Bederson, B.B. and Boltman, A.},
	booktitle={Information Visualization, 1999. (Info Vis '99) Proceedings. 1999 IEEE Symposium on},
	title="{Does Animation Help Users Build Mental Maps of Spatial Information?}",
	year={1999},
	month={},
	pages={28-35},
	keywords={computer animation;human factors;psychology;user interfaces;visual databases;computer animation;data visualisation;mental maps;spatial information system;task performance time;viewpoint change;Animation;Computer science;Computer science education;Delay;Educational institutions;Electrical capacitance tomography;Humans;Navigation;User interfaces;Visualization},
	doi={10.1109/INFVIS.1999.801854},
	ISSN={1522-404X},}
@inproceedings{gonzalez,
	author = {Gonzalez, Cleotilde},
	title = {Does Animation in User Interfaces Improve Decision Making?},
	booktitle = {Proceedings of the SIGCHI Conference on Human Factors in Computing Systems},
	series = {CHI '96},
	year = {1996},
	isbn = {0-89791-777-4},
	location = {Vancouver, British Columbia, Canada},
	pages = {27--34},
	numpages = {8},
	url = {http://doi.acm.org/10.1145/238386.238396},
	doi = {10.1145/238386.238396},
	acmid = {238396},
	publisher = {ACM},
	address = {New York, NY, USA},
	keywords = {animation, decision making},
} 
@inproceedings{donskoy,
	author = {Donskoy, Misha and Kaptelinin, Victor},
	title = {Window Navigation with and Without Animation: A Comparison of Scroll Bars, Zoom, and Fisheye View},
	booktitle = {CHI '97 Extended Abstracts on Human Factors in Computing Systems},
	series = {CHI EA '97},
	year = {1997},
	isbn = {0-89791-926-2},
	location = {Atlanta, Georgia},
	pages = {279--280},
	numpages = {2},
	url = {http://doi.acm.org/10.1145/1120212.1120393},
	doi = {10.1145/1120212.1120393},
	acmid = {1120393},
	publisher = {ACM},
	address = {New York, NY, USA},
	keywords = {animation, fisheye view, scroll bars, window navigation, zoom},
} 
@article{tversky,
	author = {Tversky, Barbara and Morrison, Julie Bauer and Betrancourt, Mireille},
	title = {Animation: Can It Facilitate?},
	journal = {Int. J. Hum.-Comput. Stud.},
	issue_date = {October 2002},
	volume = {57},
	number = {4},
	month = oct,
	year = {2002},
	issn = {1071-5819},
	pages = {247--262},
	numpages = {16},
	url = {http://dx.doi.org/10.1006/ijhc.2002.1017},
	doi = {10.1006/ijhc.2002.1017},
	acmid = {638620},
	publisher = {Academic Press, Inc.},
	address = {Duluth, MN, USA},
}
@inproceedings{baudisch,
	author = {Baudisch, Patrick and Tan, Desney and Collomb, Maxime and Robbins, Dan and Hinckley, Ken and Agrawala, Maneesh and Zhao, Shengdong and Ramos, Gonzalo},
	title = {Phosphor: Explaining Transitions in the User Interface Using Afterglow Effects},
	booktitle = {Proceedings of the 19th Annual ACM Symposium on User Interface Software and Technology},
	series = {UIST '06},
	year = {2006},
	isbn = {1-59593-313-1},
	location = {Montreux, Switzerland},
	pages = {169--178},
	numpages = {10},
	url = {http://doi.acm.org/10.1145/1166253.1166280},
	doi = {10.1145/1166253.1166280},
	acmid = {1166280},
	publisher = {ACM},
	address = {New York, NY, USA},
	keywords = {cartoon animation, comic animation, diagrams, information visualization, phosphor, user interfaces},
}
@inproceedings{bateman,
	author = {Bateman, Scott and Mandryk, Regan L. and Gutwin, Carl and Genest, Aaron and McDine, David and Brooks, Christopher},
	title = {Useful Junk?: The Effects of Visual Embellishment on Comprehension and Memorability of Charts},
	booktitle = {Proceedings of the SIGCHI Conference on Human Factors in Computing Systems},
	series = {CHI '10},
	year = {2010},
	isbn = {978-1-60558-929-9},
	location = {Atlanta, Georgia, USA},
	pages = {2573--2582},
	numpages = {10},
	url = {http://doi.acm.org/10.1145/1753326.1753716},
	doi = {10.1145/1753326.1753716},
	acmid = {1753716},
	publisher = {ACM},
	address = {New York, NY, USA},
	keywords = {charts, imagery, information visualization, memorability},
}
@BOOK {holmes,
	author    = "Nigel Holmes",
	title     = "Designer's Guide to Creating Charts and Diagrams",
	publisher = "Watson-Guptill",
	year      = "1991"
}
@article{Blasio,
	author = "Anthony J Blasio and Ann M Bisantz",
	title = "A comparison of the effects of data–ink ratio on performance with dynamic displays in a monitoring task ",
	journal = "International Journal of Industrial Ergonomics ",
	volume = "30",
	number = "2",
	pages = "89-101",
	year = "2002",
}
@ARTICLE {gambrell,
	author  = "Linda B. Gambrell and Paula Brooks Jawitz",
	title   = "Mental Imagery, Text Illustrations, and Children's Story Comprehension and Recall",
	journal = "Reading Research Quarterly",
	year    = "1993",
	volume  = "28",
	number  = "3",
	pages   = "264-276"
}
@CONFERENCE {wohlfat,
	author    = "Wohlfart, M",
	title     = "Story Telling Aspects in Medical Applications",
	booktitle = "Central European Seminar on Computer Graphics",
	year      = "2006"
}
@inproceedings{Amy,
	author = {Gooch, Amy and Gooch, Bruce and Shirley, Peter and Cohen, Elaine},
	title = {A Non-photorealistic Lighting Model for Automatic Technical Illustration},
	booktitle = {Proceedings of the 25th Annual Conference on Computer Graphics and Interactive Techniques},
	series = {SIGGRAPH '98},
	year = {1998},
	isbn = {0-89791-999-8},
	pages = {447--452},
	numpages = {6},
	url = {http://doi.acm.org/10.1145/280814.280950},
	doi = {10.1145/280814.280950},
	acmid = {280950},
	publisher = {ACM},
	address = {New York, NY, USA},
	keywords = {color, illustration, lighting models, non-photorealistic rendering, shading, silhouettes, tone},
} 
@ARTICLE {robert,
	author  = "Robert B. Haber and David A. McNabb",
	title   = "Visualization Idioms: A Conceptual Model for Scientific Visualization Systems",
	journal = "Visualization in Scientific Computing",
	year    = "1990",
	pages   = "74-93"
}
@phdthesis{Ivan,
	title =      "Importance-Driven Expressive Visualization",
	author =     "Ivan Viola",
	year =       "2005",
	address =    "Favoritenstrasse 9-11/186, A-1040 Vienna, Austria",
	school =     "Institute of Computer Graphics and Algorithms, Vienna
	University of Technology",
	URL =        "http://www.cg.tuwien.ac.at/research/publications/2005/phd-viola/",
}
@ARTICLE{shixia,
	author={Shixia Liu and Yingcai Wu and Enxun Wei and Mengchen Liu and Yang Liu},
	journal={Visualization and Computer Graphics, IEEE Transactions on},
	title={StoryFlow: Tracking the Evolution of Stories},
	year={2013},
	month={Dec},
	volume={19},
	number={12},
	pages={2436-2445},
	keywords={data visualisation;humanities;optimisation;StoryFlow;continuous optimization;discrete method;discrete optimization;dynamic relationships;entities alignment;entities ordering;hybrid optimization approach;real-time interactions;story evolution;storyline layout;storyline visualizations;Heuristic algorithms;Layout;Motion pictures;Optimization;White spaces;Heuristic algorithms;Layout;Motion pictures;Optimization;Storylines;White spaces;level-of-detail;optimization;story-telling visualization;user interactions;Algorithms;Computer Graphics;Image Enhancement;Information Dissemination;Information Storage and Retrieval;Narration;Software;User-Computer Interface},
	doi={10.1109/TVCG.2013.196},
	ISSN={1077-2626},}
@ARTICLE{Wong,
	author={Wongsuphasawat, K. and Gotz, D.},
	journal={Visualization and Computer Graphics, IEEE Transactions on},
	title={Exploring Flow, Factors, and Outcomes of Temporal Event Sequences with the Outflow Visualization},
	year={2012},
	month={Dec},
	volume={18},
	number={12},
	pages={2659-2668},
	ISSN={1077-2626},}
@inproceedings{andre,
	author = {Andr{\'e}, Paul and Wilson, Max L. and Russell, Alistair and Smith, Daniel A. and Owens, Alisdair and schraefel, m.c.},
	title = "{Continuum: Designing Timelines for Hierarchies, Relationships and Scale}",
	booktitle = {Proceedings of the 20th Annual ACM Symposium on User Interface Software and Technology},
	series = {UIST '07},
	year = {2007},
	isbn = {978-1-59593-679-0},
	location = {Newport, Rhode Island, USA},
	pages = {101--110},
	numpages = {10},
	publisher = {ACM},
	address = {New York, NY, USA},
	keywords = {hierarchical relationships, information visualization, timeline, user interfaces},
} 
@inproceedings{stab,
	author = {Stab, Christian and Nazemi, Kawa and Fellner, Dieter W.},
	title = {Sematime - Timeline Visualization of Time-dependent Relations and Semantics},
	booktitle = {Proceedings of the 6th International Conference on Advances in Visual Computing - Volume Part III},
	series = {ISVC'10},
	year = {2010},
	isbn = {3-642-17276-8, 978-3-642-17276-2},
	location = {Las Vegas, NV, USA},
	pages = {514--523},
	numpages = {10},
	publisher = {Springer-Verlag},
	address = {Berlin, Heidelberg},
}
@inproceedings{Ogawa,
	author = {Ogawa, Michael and Ma, Kwan-Liu},
	title = {Software Evolution Storylines},
	booktitle = {Proceedings of the 5th International Symposium on Software Visualization},
	series = {SOFTVIS '10},
	year = {2010},
	isbn = {978-1-4503-0028-5},
	location = {Salt Lake City, Utah, USA},
	pages = {35--42},
	numpages = {8},
	publisher = {ACM},
	address = {New York, NY, USA},
	keywords = {software evolution, software visualization, storylines},
}
@ARTICLE{Tanahashi,
	author={Tanahashi, Y. and Kwan-Liu Ma},
	journal={Visualization and Computer Graphics, IEEE Transactions on},
	title={Design Considerations for Optimizing Storyline Visualizations},
	year={2012},
	month={Dec},
	volume={18},
	number={12},
	pages={2679-2688},
	ISSN={1077-2626},}
@article{merlin,
	author = {Donald,Merlin},
	title = {Précis of Origins of the modern mind: Three stages in the evolution of culture and cognition},
	journal = {Behavioral and Brain Sciences},
	volume = {16},
	issue = {04},
	month = {12},
	year = {1993},
	issn = {1469-1825},
	pages = {737--748},
	numpages = {12},
}
@inproceedings{wohlfart2,
	author = {Wohlfart, Michael and Hauser, Helwig},
	title = {Story Telling for Presentation in Volume Visualization},
	booktitle = {Proceedings of the 9th Joint Eurographics / IEEE VGTC Conference on Visualization},
	series = {EUROVIS'07},
	year = {2007},
	isbn = {978-3-905673-45-6},
	location = {Norrk\&\#246;ping, Sweden},
	pages = {91--98},
	numpages = {8},
	publisher = {Eurographics Association},
	address = {Aire-la-Ville, Switzerland, Switzerland},
}
@inproceedings{iserhardt,
	author = {Iserhardt-Bauer, S. and Hastreiter, P. and Ertl, T. and Eberhardt, K. and Tomandl, B.},
	title = {Case Study: Medical Web Service for the Automatic 3D Documentation for Neuroradiological Diagnosis},
	booktitle = {Proceedings of the Conference on Visualization '01},
	series = {VIS '01},
	year = {2001},
	isbn = {0-7803-7200-X},
	location = {San Diego, California},
	pages = {425-428},
	numpages = {4},
	publisher = {IEEE Computer Society},
	address = {Washington, DC, USA},
	keywords = {automatic web service, medical visualization, segmentation, video generation},
}
@inproceedings{tiede,
	author = {Tiede, Ulf and Sternberg-Gospos, Norman von and Steiner, Paul and H\"{o}hne, Karl Heinz},
	title = {Virtual Endoscopy Using Cubic QuickTime-VR Panorama Views},
	booktitle = {Proceedings of the 5th International Conference on Medical Image Computing and Computer-Assisted Intervention-Part II},
	series = {MICCAI '02},
	year = {2002},
	isbn = {3-540-44225-1},
	pages = {186-192},
	numpages = {7},
	publisher = {Springer-Verlag},
	address = {London, UK, UK},
}
@inproceedings{lidal,
	author = {Lidal, E. M. and Hauser, H. and Viola, I.},
	title = {Geological Storytelling: Graphically Exploring and Communicating Geological Sketches},
	booktitle = {Proceedings of the International Symposium on Sketch-Based Interfaces and Modeling},
	series = {SBIM '12},
	year = {2012},
	isbn = {978-3-905674-42-2},
	location = {Annecy, France},
	pages = {11--20},
	numpages = {10},
	publisher = {Eurographics Association},
	address = {Aire-la-Ville, Switzerland, Switzerland},
}
@inproceedings{Heer1,
	author = {Heer, Jeffrey and Vi{\'e}gas, Fernanda B. and Wattenberg, Martin},
	title = {Voyagers and Voyeurs: Supporting Asynchronous Collaborative Information Visualization},
	booktitle = {Proceedings of the SIGCHI Conference on Human Factors in Computing Systems},
	series = {CHI '07},
	year = {2007},
	isbn = {978-1-59593-593-9},
	location = {San Jose, California, USA},
	pages = {1029-1038},
	numpages = {10},
	publisher = {ACM},
	address = {New York, NY, USA},
	keywords = {annotation, asynchronous collaboration, bookmarks, communication-minded visualization, groupware, information visualization, social data analysis},
}
@MISC {heer2,
	author       = {J.Heer, A. Haeg, and M. Agrawala},
	title        = {Minnesota Employment Explorer},
	howpublished = {\url{http://minnesota.publicradio.org/projects/2008/07/16_minnesota_Slowdown}},
	year         = {2007},
}
@MISC {steroids,
	author       = {Barry Bond},
	title        = {Steroids or Not, the Pursuit is On},
	howpublished = {\url{http://www.nytimes.com/2006/04/02/sports/20060402_BONDS_GRAPHIC.html}},
	year         = {2006},
}
@MISC {afghanistan,
	author       = {M. Green, H. Warrell, S. Tarling, S. Bernard, and M. Formentini},
	title        = {Afghanistan: Behind the Front Line},
	howpublished = {\url{http://www.ft.com/cms/s/0/663b649e-b7e6-11de-8ca9-00144feab49a.html#axzz3Stlt7Twh}},
	month        = {jan},
	year         = {2010},
}
@MISC {gapminder2,
	author       = {Gapminder},
	title        = {Human Development Trends, 2005},
	howpublished = {\url{http://www.gapminder.org/downloads/human-development-trends-2005/}},
	year         = {2005},
}
@MISC {budget,
	author       = {A. Cox.},
	title        = {Budget Forecasts vs. Reality.},
	howpublished = {\url{http://www.nytimes.com/interactive/2010/02/02/us/politics/20100201-budget-porcupine-graphic.html}},
	year         = {2010},
}
@MISC {Bloch,
	author       = {M.Bloch, S.Carter, and A.McLean},
	title        = {Mapping America: Every City, Every Block},
	howpublished = {\url{http://projects.nytimes.com/census/2010/explorer}},
	year         = {2010},
}
@MISC {ted1,
	author       = {H. Rosling},
	title        = {TED 2006},
	howpublished = {\url{http://www.gapminder.org/video/talks/ted-2006--debunking-myth-about-the-third-world.html}},
	year         = {2006},
}
@MISC {ted2,
	author       = {H. Rosling},
	title        = {TED 2007},
	howpublished = {\url{http://www.gapminder.org/video/talks/ted-2007--the-seemingly-impossible-is-possible.html}},
	year         = {2007},
}
@MISC {Ogie,
	author       = {V. Ogievetsky},
	title        = {Plotweaver},
	howpublished = {\url{http://ogievetsky.com/PlotWeaver/}},
	month        = {mar},
	year         = {2013},
}
@INPROCEEDINGS{childs,
	author={Childs, H. and Brugger, E. and Bonnell, K. and Meredith, J. and Miller, M. and Whitlock, B. and Max, N.},
	booktitle={Visualization, 2005. VIS 05. IEEE},
	title={A contract based system for large data visualization},
	year={2005},
	month={Oct},
	pages={191-198},
	keywords={data flow computing;data visualisation;very large databases;VisIt data flow network design;contract based system;featured visualization tool;Concurrent computing;Contracts;Data analysis;Data visualization;Geometry;Graphics;Hardware;Laboratories;Pipelines;Rendering (computer graphics)},
	doi={10.1109/VISUAL.2005.1532795},}

@INPROCEEDINGS{correa,
	author={Correa, C. and Silver, D.},
	booktitle={Visualization, 2005. VIS 05. IEEE},
	title={Dataset traversal with motion-controlled transfer functions},
	year={2005},
	month={Oct},
	pages={359-366},
}
@article{Lidal2013,
title = "Geological storytelling ",
journal = "Computers $\&$ Graphics ",
volume = "37",
number = "5",
pages = "445 - 459",
year = "2013",
note = "",
issn = "0097-8493",
doi = "\url{http://dx.doi.org/10.1016/j.cag.2013.01.010}",
url = "\url{http://www.sciencedirect.com/science/article/pii/S0097849313000125}",
author = "Endre M. Lidal and Mattia Natali and Daniel Patel and Helwig Hauser and Ivan Viola",
keywords = "Sketch-based modeling",
keywords = "Externalization of mental processes",
keywords = "Storytelling",
keywords = "3D model synthesis",
keywords = "Animation",
keywords = "Alternatives exploration",
keywords = "Geology",
keywords = "Structural geological models "
}
@book{spence2007,
 author = {Spence, Robert},
 title = {Information Visualization: Design for Interaction (2Nd Edition)},
 year = {2007},
 isbn = {0132065509},
 publisher = {Prentice-Hall, Inc.},
 address = {Upper Saddle River, NJ, USA},
} 
@MISC {Thomas,
    author       = {Thomas, J.},
    title        = {IBM's Knowledge Socialization Project},
    howpublished = {\url{www.research.ibm.com/knowsoc/project_index.html}},
}

@BOOK {Jack1995,
    author    = "Jack Zipes",
    title     = "Creative Storytelling: Building Community/Changing Lives",
    publisher = "Routledge",
    year      = "1995",
    address   = "New York"
}

@BOOK {Martin1997,
    author    = "Bronwen Martin",
    title     = "Semiotics and Storytelling: An Introduction to Semiotic Analysis",
    publisher = "Philomel Productions",
    year      = "1997",
    address   = "Dublin"
}
@INPROCEEDINGS{figueiras,
author={Figueiras, A.},
booktitle={Information Visualisation (IV), 2014 18th International Conference on},
title={Narrative Visualization: A Case Study of How to Incorporate Narrative Elements in Existing Visualizations},
year={2014},
month={July},
pages={46-52},
keywords={Web sites;data visualisation;humanities;complex information;narrative elements;narrative visualization;news media;story-flow;storytelling;visualization research Web sites;Complexity theory;Context;Data visualization;History;Media;Rhetoric;Visualization;Storytelling;case study;narrative visualization},
doi={10.1109/IV.2014.79},
ISSN={1550-6037},}

@INPROCEEDINGS{fisher,
author={Fisher, D. and Hoff, A. and Robertson, G. and Hurst, M.},
booktitle={Visual Analytics Science and Technology, 2008. VAST '08. IEEE Symposium on},
title={Narratives: A visualization to track narrative events as they develop},
year={2008},
month={Oct},
pages={115-122},
}
@article{dubinko2007,
 author = {Dubinko, Micah and Kumar, Ravi and Magnani, Joseph and Novak, Jasmine and Raghavan, Prabhakar and Tomkins, Andrew},
 title = {Visualizing Tags over Time},
 journal = {ACM Trans. Web},
 issue_date = {August 2007},
 volume = {1},
 number = {2},
 month = aug,
 year = {2007},
 issn = {1559-1131},
 articleno = {7},
 publisher = {ACM},
 address = {New York, NY, USA},
} 

@inproceedings{russell2000,
author = {Russell Swan and David Jensen},
title = {{TimeMines: Constructing Timelines with Statistical Models of Word Usage}},
booktitle = {Knowledge Discovery and Data Mining},
year = {2000},
}

@INPROCEEDINGS{van1999,
author={van Wijk, J.J. and Van Selow, E.R.},
booktitle={Information Visualization, 1999. (Info Vis '99) Proceedings. 1999 IEEE Symposium on},
title={Cluster and calendar based visualization of time series data},
year={1999},
pages={4-9, 140},
}
